<?xml version="1.0" encoding="utf-8"?>
<record xmlns="http://www.loc.gov/MARC21/slim" xmlns:xsi="http://www.w3.org/2001/XMLSchema-instance" xsi:schemaLocation="http://www.loc.gov/MARC21/slim http://www.loc.gov/standards/marcxml/schema/MARC21slim.xsd">
	<leader>     nam a22     Mi 4500</leader>
	<controlfield tag="001">347779</controlfield>
	<controlfield tag="003">NjP</controlfield>
	<controlfield tag="006">m        d        </controlfield>
	<controlfield tag="007">cr cn |||m|||a</controlfield>
	<controlfield tag="008">201005s1983    ir af   o    f000 0 arar </controlfield>
	<datafield ind1=" " ind2=" " tag="040">
		<subfield code="a">ZYU</subfield>
		<subfield code="b">ara</subfield>
		<subfield code="e">rda</subfield>
		<subfield code="c">ZYU</subfield>
	</datafield>
	<datafield ind1=" " ind2=" " tag="043">
		<subfield code="a">a-iq---</subfield>
		<subfield code="a">a-ir---</subfield>
	</datafield>
	<datafield ind1="0" ind2="0" tag="050">
		<subfield code="a">DS318.8</subfield>
		<subfield code="b">.H36 1983</subfield>
	</datafield>
	<datafield ind1="0" ind2="3" tag="245">
		<subfield code="6">880-01</subfield>
		<subfield code="a">al-Ḥarb al-ʻIrāqīyah al-mafrūḍah ʻalá Jumhūrīyat Īrān al-Islāmīyah :</subfield>
		<subfield code="b">dirāsah wa-taḥlīl /</subfield>
		<subfield code="c">[iʻdād Wizārat al-Khārijīyah fī Jumhūrīyat Īrān al-Islāmīyah ; tarjamat, Wizārat al-Irshād al-Islāmī].</subfield>
	</datafield>
	<datafield ind1=" " ind2=" " tag="250">
		<subfield code="6">880-02</subfield>
		<subfield code="a">al-Ṭabʻah 1.</subfield>
	</datafield>
	<datafield ind1=" " ind2=" " tag="260">
		<subfield code="6">880-03</subfield>
		<subfield code="a">Ṭihrān :</subfield>
		<subfield code="b">Wizārat al-Irshād al-Islāmī,</subfield>
		<subfield code="c">1404 [1983 or 1984]</subfield>
	</datafield>
	<datafield ind1=" " ind2=" " tag="300">
		<subfield code="a">online resource (227 pages, [3] folded leaves of plates) :</subfield>
		<subfield code="b">illustrations (some color)</subfield>
	</datafield>
	<datafield ind1=" " ind2=" " tag="336">
		<subfield code="a">text</subfield>
		<subfield code="2">rdacontent</subfield>
	</datafield>
	<datafield ind1=" " ind2=" " tag="337">
		<subfield code="a">computer</subfield>
		<subfield code="2">rdamedia</subfield>
	</datafield>
	<datafield ind1=" " ind2=" " tag="338">
		<subfield code="a">online resource</subfield>
		<subfield code="2">rdacarrier</subfield>
	</datafield>
	<datafield ind1=" " ind2=" " tag="500">
		<subfield code="a">Part of the Arabic Collections Online (ACO) project, contributed by Princeton University Libraries.</subfield>
	</datafield>
	<datafield ind1=" " ind2=" " tag="533">
		<subfield code="a">Electronic reproduction.</subfield>
		<subfield code="b">New York, N.Y. :</subfield>
		<subfield code="c">New York University,</subfield>
		<subfield code="d">2020.</subfield>
		<subfield code="5">NNU</subfield>
	</datafield>
	<datafield ind1=" " ind2="0" tag="650">
		<subfield code="a">Iran-Iraq War, 1980-1988.</subfield>
	</datafield>
	<datafield ind1=" " ind2="7" tag="647">
		<subfield code="a">Iran-Iraq War</subfield>
		<subfield code="d">(1980-1988)</subfield>
		<subfield code="2">fast</subfield>
		<subfield code="0">(OCoLC)fst00978774</subfield>
	</datafield>
	<datafield ind1=" " ind2="7" tag="648">
		<subfield code="a">1980-1988</subfield>
		<subfield code="2">fast</subfield>
	</datafield>
	<datafield ind1="1" ind2=" " tag="710">
		<subfield code="6">880-04</subfield>
		<subfield code="a">Iran.</subfield>
		<subfield code="b">Vizārat-i Umūr-i Khārijah.</subfield>
	</datafield>
	<datafield ind1="1" ind2=" " tag="710">
		<subfield code="6">880-05</subfield>
		<subfield code="a">Iran.</subfield>
		<subfield code="b">Vizārat-i Irshād-i Islāmī.</subfield>
	</datafield>
	<datafield ind1="2" ind2=" " tag="710">
		<subfield code="a">Princeton University.</subfield>
		<subfield code="b">Library.</subfield>
	</datafield>
	<datafield ind1="0" ind2=" " tag="730">
		<subfield code="a">Arabic Collections Online.</subfield>
	</datafield>
	<datafield ind1="0" ind2="8" tag="776">
		<subfield code="i">Online version:</subfield>
		<subfield code="t">Ḥarb al-ʻIrāqīyah al-mafrūḍah ʻalá Jumhūrīyat Īrān al-Islāmīyah.</subfield>
		<subfield code="b">al-Ṭabʻah 1.</subfield>
		<subfield code="d">Ṭihrān : Wizārat al-Irshād al-Islāmī, 1404 [1983 or 1984]</subfield>
		<subfield code="w">(OCoLC)610015913</subfield>
	</datafield>
	<datafield ind1="0" ind2="8" tag="776">
		<subfield code="i">Online version:</subfield>
		<subfield code="t">Ḥarb al-ʻIrāqīyah al-mafrūḍah ʻalá Jumhūrīyat Īrān al-Islāmīyah.</subfield>
		<subfield code="b">al-Ṭabʻah 1.</subfield>
		<subfield code="d">Ṭihrān : Wizārat al-Irshād al-Islāmī, 1404 [1983 or 1984]</subfield>
		<subfield code="w">(OCoLC)623523824</subfield>
	</datafield>
	<datafield ind1="0" ind2="8" tag="776">
		<subfield code="i">Print version:</subfield>
		<subfield code="t">al-Ḥarb al-ʻIrāqīyah al-mafrūḍah ʻalá Jumhūrīyat Īrān al-Islāmīyah</subfield>
		<subfield code="w">(NjP)347779</subfield>
		<subfield code="w">(DLC)   85140778 </subfield>
		<subfield code="w">(OCoLC)12314631</subfield>
	</datafield>
	<datafield ind1="4" ind2="0" tag="856">
		<subfield code="u">http://hdl.handle.net/2333.1/9s4mwhgr</subfield>
	</datafield>
	<datafield ind1="4" ind2="0" tag="856">
		<subfield code="u">http://hdl.handle.net/2333.1/9s4mwhgr</subfield>
	</datafield>
	<datafield ind1="0" ind2="2" tag="880">
		<subfield code="6">245-01</subfield>
		<subfield code="a">الحرب العراقية المفروضة على جمهورية ايران الاسلامية :</subfield>
		<subfield code="b">دراسة و تحليل /</subfield>
		<subfield code="c">اعداد وزارة الخارجية في جمهورية ايران الاسلامية.</subfield>
	</datafield>
	<datafield ind1=" " ind2=" " tag="880">
		<subfield code="6">250-02</subfield>
		<subfield code="a">الطبعة 1.</subfield>
	</datafield>
	<datafield ind1=" " ind2=" " tag="880">
		<subfield code="6">260-03</subfield>
		<subfield code="a">‏طهران :‏‏</subfield>
		<subfield code="b">‏وزارة الإرشاد الإسلامي،‏</subfield>
		<subfield code="c">‏‪1404 [1983 or 1984]‬.</subfield>
	</datafield>
	<datafield ind1="1" ind2=" " tag="880">
		<subfield code="6">710-04</subfield>
		<subfield code="a">‏ايران.‏</subfield>
		<subfield code="b">‏وزارة امور خارجيه.</subfield>
	</datafield>
	<datafield ind1="1" ind2=" " tag="880">
		<subfield code="6">710-05</subfield>
		<subfield code="a">‏ايران.‏</subfield>
		<subfield code="b">‏وزارة ارشاد اسلامى.</subfield>
	</datafield>
	<datafield ind1=" " ind2=" " tag="959">
		<subfield code="a">NNU</subfield>
		<subfield code="b">WEB</subfield>
		<subfield code="c">GENI</subfield>
		<subfield code="t">0</subfield>
		<subfield code="m">Electronic access</subfield>
		<subfield code="s">01</subfield>
	</datafield>
	<datafield ind1=" " ind2=" " tag="959">
		<subfield code="a">NNU</subfield>
		<subfield code="b">WEB</subfield>
		<subfield code="c">GENI</subfield>
		<subfield code="t">0</subfield>
		<subfield code="m">Electronic access</subfield>
		<subfield code="s">01</subfield>
	</datafield>
	<datafield ind1=" " ind2=" " tag="999">
		<subfield code="i">NjP_347779</subfield>
		<subfield code="o">(OCoLC)ocm12314631</subfield>
		<subfield code="s">princeton_aco004216:</subfield>
		<subfield code="s">princeton_aco004216:</subfield>
	</datafield>
</record>
